@Misc{beamer,
  author = {{TANTAU,~Till;~WRIGHT,~Joseph;~MILETIĆ,~Vedran}},
  title = {{The~BEAMER~class:~User~Guide~for~version~3.10}},
  howpublished = {[online]},
  year = {2010-07-12,~[cit.~2011-05-15]},
  note = {Dostupný~z~WWW: <\url{http://bitbucket.org/rivanvx/beamer/}>},
}
@Misc{metad,
  author = {{LARSSON,~Alexander}},
  title = {{Data~about~Data}},
  journal = {GNOME~Blogs},
  howpublished = {[online]},
  year = {2009,~[cit.~2011-05-15]},
  note = {Dostupné z WWW: <\url{http://blogs.gnome.org/alexl/2009/06/24/data-about-data/}>},
}
@Misc{cairodoc,
  author = {},
  title = {Dokumentácia~projektu~cairo},
  howpublished = {[online]},
  year = {2011,~[cit.~2011-05-15]},
  note = {Dostupná z WWW: <\url{http://cairographics.org/documentation/}>},
}
@Misc{dohmen,
  author = {{DOHMEN,~Klaus}},
  title = {{Dual~Screen~Presentations with the \LaTeX~Beamer Class under X}},
  journal = {{The~PracTeX~Journal}},
  howpublished = {{[online]}},
  year = {{2010,~2010-1,~[cit.~2011-05-09]}},
  note = {Dostupný z WWW: <\url{http://www.tug.org/pracjourn/2010-1/dohmen/}>},
}
@Misc{abclatex,
  author = {{ZELENKA,~Petr}},
  title = {{Beamer:~\LaTeX~na~prezentace}},
  journal = {Abclinuxu.cz},
  howpublished = {{[online]}},
  year = {{2006-08-28,~[cit.~2011-05-15]}},
  note = {Dostupný z WWW: <\url{http://www.abclinuxu.cz/clanky/navody/beamer-latex-na-prezentace}>}
}
@Misc{GNOMEPlatform,
  author = {},
  title = {{Prehľad~GNOME~Platformy}},
  howpublished = {[online].~2011,~[cit.~2011-05-09]},
  note = {Dostupný z WWW: <\url{http://developer.gnome.org/platform-overview/stable/}>},
}
@Misc{gprivate,
  author = {},
  title = {Dokumentácia~\verb|g-type-class-add-private|},
  howpublished = {[online].~2011,~[cit.~2011-05-09]},
  note = {Dostupná z WWW: <\url{http://developer.gnome.org/gobject/unstable/gobject-Type-Information.html\#g-type-class-add-private}>},
  }
  
  @Misc{poppler,
    author = {},
    title = {{Domovská~stránka~projektu~Poppler}},
    howpublished = {[online].~2010,~[cit.~2010-11-01]},
    note = {Dostupné z WWW: <\url{http://poppler.freedesktop.org/}>},
  }
  @Misc{evince,
    author = {},
    title = {{Domovská~stránka~projektu~Evince}},
    howpublished = {[online].~2010,~[cit.~2010-11-01]},
    note = {Dostupné z WWW: <\url{http://projects.gnome.org/evince/}>},
  }
  @Misc{evbug,
    author = {BUCHNER,~Johannes},
    title = {{Dualscreen/Multihead~presentation~mode}},
    howpublished = {[online].~2007,~[cit.~2010-10-28]},
    note = {Dostupné z WWW: <\url{https://bugzilla.gnome.org/show_bug.cgi?id=454731}>},
  }
  @Misc{mgp,
    author = {},
    title = {{Domovská stránka projektu MagicPoint}},
    howpublished = {[online].~2010,~[cit.~2010-11-01]},
    note = {Dostupné na: <\url{http://member.wide.ad.jp/wg/mgp/}>},
  }
